<record><leader>00000cas a22000007a 4500</leader><controlfield tag="001">50153672</controlfield><controlfield tag="008">020711d19201931tnudn ne      0    0eng d</controlfield><datafield ind1=" " ind2=" " tag="010"><subfield code="a">sn2002062608</subfield></datafield><datafield ind1=" " ind2=" " tag="040"><subfield code="a">TGN</subfield><subfield code="b">eng</subfield><subfield code="c">TGN</subfield><subfield code="d">OCLCF</subfield><subfield code="d">OCLCO</subfield></datafield><datafield ind1="1" ind2=" " tag="029"><subfield code="a">AU@</subfield><subfield code="b">000023754499</subfield></datafield><datafield ind1=" " ind2=" " tag="042"><subfield code="a">msc</subfield></datafield><datafield ind1="0" ind2="0" tag="245"><subfield code="a">Nashville evening Tennessean.</subfield></datafield><datafield ind1="1" ind2=" " tag="246"><subfield code="i">Colophon title:</subfield><subfield code="a">Evening Tennessean</subfield></datafield><datafield ind1="1" ind2="3" tag="246"><subfield code="a">Nashville evening edition Tennessean</subfield></datafield><datafield ind1="3" ind2="0" tag="246"><subfield code="a">Nashville Tennessean</subfield></datafield><datafield ind1="3" ind2="0" tag="246"><subfield code="a">Tennessean</subfield></datafield><datafield ind1=" " ind2=" " tag="260"><subfield code="a">Nashville, Tenn. :</subfield><subfield code="b">[Tennessee Pub. Co.]</subfield><subfield code="c">1920-1931.</subfield></datafield><datafield ind1=" " ind2=" " tag="300"><subfield code="a">v.</subfield></datafield><datafield ind1=" " ind2=" " tag="310"><subfield code="a">Daily (except Sun.)</subfield></datafield><datafield ind1="0" ind2=" " tag="362"><subfield code="a">Vol. 2, no. 174 (Jan. 19, 1920)-v. 13, no. 283 (Feb. 10, 1931).</subfield></datafield><datafield ind1=" " ind2=" " tag="500"><subfield code="a">"Evening" appears above the masthead ornament, Jan. 19, 1931-Feb. 10, 1931.</subfield></datafield><datafield ind1=" " ind2=" " tag="500"><subfield code="a">"Edition" appears within the masthead ornament, Jan. 21, 1920-Feb. 11, 1931).</subfield></datafield><datafield ind1=" " ind2=" " tag="580"><subfield code="a">Morning ed.: Nashville Tennessean (Nashville, Tenn. : 1918)</subfield></datafield><datafield ind1=" " ind2="0" tag="651"><subfield code="a">Nashville (Tenn.)</subfield><subfield code="v">Newspapers.</subfield></datafield><datafield ind1=" " ind2="0" tag="651"><subfield code="a">Davidson County (Tenn.)</subfield><subfield code="v">Newspapers.</subfield></datafield><datafield ind1=" " ind2="7" tag="655"><subfield code="a">Newspapers.</subfield><subfield code="2">fast</subfield><subfield code="0">(OCoLC)fst01423814</subfield></datafield><datafield ind1=" " ind2="7" tag="651"><subfield code="a">Tennessee</subfield><subfield code="z">Davidson County.</subfield><subfield code="2">fast</subfield><subfield code="0">(OCoLC)fst01205346</subfield></datafield><datafield ind1=" " ind2="7" tag="651"><subfield code="a">Tennessee</subfield><subfield code="z">Nashville.</subfield><subfield code="2">fast</subfield><subfield code="0">(OCoLC)fst01204195</subfield></datafield><datafield ind1=" " ind2=" " tag="752"><subfield code="a">United States</subfield><subfield code="b">Tennessee</subfield><subfield code="c">Davidson</subfield><subfield code="d">Nashville.</subfield></datafield><datafield ind1="1" ind2=" " tag="775"><subfield code="t">Nashville Tennessean (Nashville, Tenn. : 1918)</subfield><subfield code="w">(DLC)sn 84024774</subfield></datafield><datafield ind1="0" ind2="0" tag="780"><subfield code="t">Nashville American (Nashville, Tenn. : 1919 : Daily)</subfield><subfield code="w">(DLC)sn 2002062607</subfield></datafield><datafield ind1="0" ind2="0" tag="785"><subfield code="t">Evening Tennessean</subfield><subfield code="w">(DLC)sn 2002062609</subfield></datafield></record>